<record><leader>00000cas a22000007a 4500</leader><controlfield tag="001">24515685</controlfield><controlfield tag="008">911008d190619uuncuwr ne      0    0eng d</controlfield><datafield ind1=" " ind2=" " tag="010"><subfield code="a">sn 91068170 </subfield></datafield><datafield ind1=" " ind2=" " tag="040"><subfield code="a">NVJ</subfield><subfield code="b">eng</subfield><subfield code="c">NVJ</subfield><subfield code="d">OCLCQ</subfield></datafield><datafield ind1=" " ind2=" " tag="042"><subfield code="a">msc</subfield></datafield><datafield ind1="0" ind2=" " tag="130"><subfield code="a">Times-herald (Littleton, N.C.)</subfield></datafield><datafield ind1="1" ind2="4" tag="245"><subfield code="a">The times-herald.</subfield></datafield><datafield ind1=" " ind2=" " tag="260"><subfield code="a">Littleton, N.C. :</subfield><subfield code="b">Times-Herald Print. Co.</subfield></datafield><datafield ind1=" " ind2=" " tag="300"><subfield code="a">v.</subfield></datafield><datafield ind1=" " ind2=" " tag="310"><subfield code="a">Weekly</subfield></datafield><datafield ind1="1" ind2=" " tag="362"><subfield code="a">Began in Feb. 1906.</subfield></datafield><datafield ind1=" " ind2=" " tag="588"><subfield code="a">Description based on: Vol. 1, no. 4 (Feb. 22, 1906).</subfield></datafield><datafield ind1=" " ind2=" " tag="752"><subfield code="a">United States</subfield><subfield code="b">North Carolina</subfield><subfield code="c">Halifax</subfield><subfield code="d">Littleton.</subfield></datafield><datafield ind1=" " ind2=" " tag="752"><subfield code="a">United States</subfield><subfield code="b">North Carolina</subfield><subfield code="c">Warren</subfield><subfield code="d">Littleton.</subfield></datafield><datafield ind1="0" ind2="0" tag="780"><subfield code="t">Littleton times (Littleton, N.C.)</subfield><subfield code="w">(DLC)sn 92074047</subfield></datafield></record>